@inproceedings{gallimore2018robot,
  title={Robot operating system (ros) on the remus auv using recon},
  author={Gallimore, Eric and Stokey, Roger and Terrill, Eric},
  booktitle={2018 IEEE/OES Autonomous Underwater Vehicle Workshop (AUV)},
  pages={1--6},
  year={2018},
  organization={IEEE}
}

